<record><leader>00000cas a2200000 a 4500</leader><controlfield tag="001">30722076</controlfield><controlfield tag="008">940707c19689999orudn ne      0    0eng c</controlfield><datafield ind1=" " ind2=" " tag="010"><subfield code="a">  2006260041</subfield></datafield><datafield ind1=" " ind2=" " tag="040"><subfield code="a">ORY</subfield><subfield code="b">eng</subfield><subfield code="c">ORY</subfield><subfield code="d">OCLCQ</subfield><subfield code="d">ORU</subfield><subfield code="d">OCLCQ</subfield><subfield code="d">OCLCF</subfield><subfield code="d">OCLCO</subfield></datafield><datafield ind1="1" ind2=" " tag="029"><subfield code="a">AU@</subfield><subfield code="b">000041113445</subfield></datafield><datafield ind1=" " ind2=" " tag="037"><subfield code="b">The Observer, P.O. Box 3170, La Grande, OR 97850</subfield></datafield><datafield ind1=" " ind2=" " tag="042"><subfield code="a">pcc</subfield></datafield><datafield ind1=" " ind2=" " tag="043"><subfield code="a">n-us-or</subfield></datafield><datafield ind1="0" ind2=" " tag="130"><subfield code="a">Observer (La Grande, Or.)</subfield></datafield><datafield ind1="1" ind2="4" tag="245"><subfield code="a">The Observer.</subfield></datafield><datafield ind1=" " ind2=" " tag="260"><subfield code="a">La Grande, Or. :</subfield><subfield code="b">La Grande Pub. Co.,</subfield><subfield code="c">1968-</subfield></datafield><datafield ind1=" " ind2=" " tag="300"><subfield code="a">v. :</subfield><subfield code="b">ill. ;</subfield><subfield code="c">58 cm.</subfield></datafield><datafield ind1=" " ind2=" " tag="310"><subfield code="a">Daily (except Sunday and Dec. 25th)</subfield></datafield><datafield ind1="0" ind2=" " tag="362"><subfield code="a">71st year, 171st issue (Mar. 20, 1968)-</subfield></datafield><datafield ind1=" " ind2=" " tag="515"><subfield code="a">Beginning Mar. 18, 1996, ordinal number of year dropped from vol. designation.</subfield></datafield><datafield ind1=" " ind2=" " tag="530"><subfield code="a">Also issued on microfilm from University of Oregon.</subfield></datafield><datafield ind1=" " ind2=" " tag="588"><subfield code="a">Latest issue consulted: Issue 257 (Oct. 27, 2006).</subfield></datafield><datafield ind1=" " ind2="0" tag="651"><subfield code="a">La Grande (Or.)</subfield><subfield code="v">Newspapers.</subfield></datafield><datafield ind1=" " ind2="0" tag="651"><subfield code="a">Union County (Or.)</subfield><subfield code="v">Newspapers.</subfield></datafield><datafield ind1=" " ind2="7" tag="655"><subfield code="a">Newspapers.</subfield><subfield code="2">fast</subfield><subfield code="0">(OCoLC)fst01423814</subfield></datafield><datafield ind1=" " ind2="7" tag="651"><subfield code="a">Oregon</subfield><subfield code="z">La Grande.</subfield><subfield code="2">fast</subfield><subfield code="0">(OCoLC)fst01214202</subfield></datafield><datafield ind1=" " ind2="7" tag="651"><subfield code="a">Oregon</subfield><subfield code="z">Union County.</subfield><subfield code="2">fast</subfield><subfield code="0">(OCoLC)fst01223302</subfield></datafield><datafield ind1=" " ind2=" " tag="752"><subfield code="a">United States</subfield><subfield code="b">Oregon</subfield><subfield code="c">Union</subfield><subfield code="d">La Grande.</subfield></datafield><datafield ind1="0" ind2="0" tag="780"><subfield code="t">Grande observer</subfield><subfield code="w">(DLC)  2006260040</subfield><subfield code="w">(OCoLC)76815452</subfield></datafield></record>